
<record>
  <controlfield tag="001">252452</controlfield>
  <datafield tag="035" ind1=" " ind2=" ">
    <subfield code="z">D87-11387</subfield>
    <subfield code="9">DESY</subfield>
  </datafield>
  <datafield tag="035" ind1=" " ind2=" ">
    <subfield code="a">Band:1987pm</subfield>
    <subfield code="9">SPIRESTeX</subfield>
  </datafield>
  <datafield tag="245" ind1=" " ind2=" ">
    <subfield code="a">EVIDENCE FOR B0 ANTI-B0 MIXING FROM MAC</subfield>
  </datafield>
  <datafield tag="710" ind1=" " ind2=" ">
    <subfield code="g">MAC</subfield>
  </datafield>
</record>

</collection>